3400 5225
1570 400 1923 455 —12-

1000 586 1060 663 e)
1109 588 1234 649 Sed
1281 610 1359 649 ne
1420 588 1522 650 hic
1571 588 1823 667 quidem
1882 590 2279 651 accusativus
2338 590 2572 668 ubique
2630 592 2917 667 obtinuit,

576 712 715 750 cum
765 712 950 770 saepe
999 695 1531 771 praepositionum
1581 694 1819 755 ambitu
1869 692 2485 754 circumscribatur-¹:

574 791 740 869 πρὸς
789 791 981 870 μέρος
1032 796 1166 857 RL.
1216 792 1277 872 5,
1328 794 1369 857 2
1419 792 1576 868 (259
1602 794 1670 873 †)
1709 823 1776 845 =
1812 794 2004 872 μέρος
2053 815 2109 857 τι
2158 798 2356 859 Thuc.
2390 795 2450 874 4,
2486 794 2595 858 30.

575 892 960 971 ἠδικημένον
1007 893 1097 972 εἰς
1145 894 1222 957 τὰ
1271 895 1545 973 μάλιστα
1591 900 1666 959 F.
1694 900 1769 959 P.
1796 899 1867 958 11
1899 895 1985 959 32
2019 896 2113 975 (1)
2146 895 2232 959 32
2280 898 2359 975 (s.
2409 901 2515 959 111
2541 898 2607 977 †)

577 994 666 1073 εἰς
713 997 830 1060 τὸν
878 1002 1164 1076 στατῆρα
1212 1000 1350 1080 (pro
1399 1000 1556 1077 aee.)
1607 997 1885 1077 ὀβολοὺς
1932 1002 2007 1062 κδ
2057 1001 2192 1062 RL.
2228 999 2332 1079 60,
2376 998 2454 1062 15
2637 999 2814 1063 λέπει
2849 1020 2922 1077 με

577 1097 666 1175 εἰς
691 1098 766 1162 τὸ
779 1099 1026 1177 ’σκέλος
1055 1105 1192 1182 (pro
1219 1102 1376 1179 acc.)
1404 1106 1548 1164 Par.
1576 1100 1675 1180 12,
1720 1099 1798 1163 15
1982 1099 2135 1182 <ἐν>
2172 1104 2309 1178 τοῖς
2336 1099 2559 1178 ἄλλοις
2587 1103 2685 1181 (=
2720 1100 2923 1165 τᾶλλα

577 1210 764 1270 Taur.
792 1206 850 1287 8,
885 1206 998 1285 56)
1047 1205 1435 1288 εὐτυχία((ι))
1483 1214 1627 1272 Par.
1662 1207 1769 1288 30,
1806 1208 1921 1287 293
1972 1213 2177 1289 Lugd.
2212 1213 2270 1272 D
2308 1208 2395 1273 25
2444 1208 2600 1289 (162
2626 1209 2725 1289 †);
2777 1212 2925 1273 vat.-

576 1316 636 1375 D
689 1312 792 1376 12.
970 1371 974 1376 .
2876 1349 2881 1353 -

757 1414 827 1479 ἐν
875 1414 1090 1479 οὐδενὶ
1137 1417 1240 1496 (=
1276 1414 1494 1495 οὐδὲν)
1535 1415 1872 1493 παραίτιος
1920 1415 2187 1492 γέγονεν
2238 1415 2343 1496 64,
2379 1415 2497 1494 43;
2546 1416 2633 1479 43
2668 1419 2763 1480 IV
2802 1414 2925 1480 125

581 1515 738 1598 (165
764 1519 829 1597 †)
1008 1517 1080 1582 ἐν
1111 1520 1333 1598 μηδενὶ
1357 1521 1456 1599 (--
1491 1519 1716 1597 μηδὲν)
1757 1522 2119 1598 μεμφθῆναι
2142 1522 2353 1582 Berol.
2386 1518 2485 1600 18,
2528 1518 2607 1582 15
2641 1520 2709 1598 (†
2740 1518 2923 1597 169);

581 1623 666 1685 cf.
715 1624 877 1684 Brit.
935 1620 1060 1685 139
1087 1623 1174 1702 (a)
1222 1622 1257 1686 7
1310 1623 1378 1702 (†
1400 1621 1515 1701 48)

757 1722 916 1786 κατὰ
963 1724 1038 1787 τὸ
1089 1719 1188 1807 [γ’]
1238 1726 1374 1807 (pro
1424 1725 1581 1801 acc.)
1627 1728 1771 1787 Par.
1809 1723 1870 1803 5,
1908 1722 1967 1803 2,
2009 1724 2073 1801 1;
2122 1723 2184 1803 5,
2220 1723 2281 1803 3,
2322 1724 2348 1785 1
2406 1730 2669 1805 passim3
2720 1728 2926 1809 Lugd.

580 1830 647 1889 M
696 1826 775 1889 21
831 1824 990 1904 (114
1015 1826 1082 1906 †)
1728 1905 1737 1917 l

757 1929 1004 2008 πλατὺς
1053 1929 1183 1994 ἀπὸ
1231 1933 1361 1994 τῶν
1409 1929 1603 2009 ὤμων
1641 1932 1744 2008 (=
1779 1930 1933 2008 τοὺς
1967 1929 2210 2009 ὤμους)
2246 1937 2389 1995 Par.
2423 1932 2522 2011 10,
2551 1925 2637 1995 20
2662 1934 2740 2011 (S.
2763 1934 2835 1993 II
2860 1931 2927 2010 γ)

759 2033 861 2097 ἐπὶ
907 2033 983 2097 τὸ
1031 2036 1258 2097 πλεῖον
1303 2034 1342 2111 ἢ
1391 2032 1679 2097 ἔλασσον
1714 2042 1818 2115 (--
1852 2035 1927 2097 τό
1959 2037 2066 2098 πλ.
2102 2036 2263 2113 κτλ.)
2298 2034 2445 2113 282,
2483 2034 2569 2107 29
2594 2035 2662 2114 (†
2696 2059 2749 2097 c.
2781 2030 2928 2115 180)

760 2135 1084 2215 ὀφθαλμοὶ
1142 2134 1504 2215 λάμποντες
1565 2137 1636 2201 ἐν
1683 2140 1826 2213 ταῖς
1872 2137 2091 2215 κόραις
2141 2135 2240 2220 (--
2288 2135 2405 2214 τὰς
2454 2133 2674 2219 κόρας)
2722 2140 2926 2216 Lugd.

582 2244 668 2305 W
717 2238 816 2318 17,
868 2237 953 2302 23
1135 2237 1407 2317 χάρισόν
1455 2257 1560 2317 μοι
1602 2238 1767 2317 πρὸς
1817 2238 2027 2302 πάντα
2059 2242 2219 2302 Brit.
2260 2238 2404 2317 122,
2446 2237 2522 2301 17
2560 2237 2624 2322 (†
2649 2262 2699 2301 S.
2727 2234 2928 2318 IV.)2.

885 2344 1121 2403 Eodem
1169 2347 1488 2423 pertinent
1535 2365 1723 2405 voces
1766 2336 1901 2404 κατ’
1936 2338 2247 2422 ἄρουραν,
2298 2364 2409 2421 pro
2469 2339 2586 2416 τὴν
2644 2337 2931 2417 ἄρουραν

583 2448 767 2507 Rain.
816 2442 923 2524 32,
979 2442 1060 2506 13
1109 2441 1172 2526 (†
1210 2441 1364 2525 218)
1411 2449 1664 2525 passim,
1723 2441 1882 2506 κατὰ
1939 2446 2105 2521 μῆνα
2172 2448 2310 2506 sim.
2361 2449 2560 2524 magis
2606 2448 2930 2523 magisque

584 2553 1009 2612 accusativum
1057 2553 1463 2629 excipientes.

1009 2646 1072 2732 d)
1120 2651 1507 2729 Quamquam
1531 2654 1910 2731 generaliter
1943 2657 2006 2712 in
2032 2653 2211 2732 κοινῇ
2246 2654 2443 2712 minui
2495 2658 2752 2729 coeptae
2786 2659 2935 2711 sunt

584 2761 794 2834 partes
842 2757 1058 2832 dativi,
1127 2762 1334 2815 tamen
1399 2756 1567 2830 haud
1615 2777 1754 2815 raro
1804 2757 2008 2816 locum
2057 2758 2402 2816 accusativi
2462 2756 2787 2816 relationis
2836 2775 2932 2814 oc-

585 2860 870 2936 cupavit:

763 2956 1006 3041 [μ]ε’σος
1055 2962 1146 3041 τῷ
1191 2957 1434 3035 μεγέθει
1483 2962 1557 3022 F.
1585 2964 1658 3022 P.
1693 2963 1728 3020 1
1782 2959 1860 3021 13
1896 2955 1981 3042 (2)
2013 2957 2055 3021 5
2089 2956 2238 3041 (237
2267 2955 2331 3041 †)
2382 2961 2468 3022 of.
2521 2957 2621 3038 19,
2658 2957 2775 3034 313
2831 2956 2931 3035 14,

585 3061 698 3138 30;
758 3060 864 3140 21,
919 3061 999 3124 19
1048 3067 1190 3124 Par.
1246 3061 1346 3141 10,
1392 3060 1434 3124 5
1483 3060 1556 3145 (s.
1583 3065 1674 3124 II.
1702 3058 1766 3144 †)
1815 3086 1925 3143 pro
1976 3086 2105 3125 acc.
2154 3061 2229 3125 τὸ
2281 3059 2569 3138 μέγεθος.
2777 3057 2935 3122 ὄντα

584 3161 796 3227 πολλὰ
842 3168 934 3247 τῷ
979 3163 1206 3240 πλήθει
1254 3168 1308 3225 Ι.
1353 3167 1505 3226 Ros.
1545 3163 1624 3226 12
1674 3161 1827 3247 (196
1854 3161 1917 3244 †)
1968 3187 2080 3243 pro
2124 3163 2199 3225 τὸ
2247 3165 2517 3238 πλῆθος.
2712 3159 2934 3238 ταβέλ-

587 3268 703 3342 λας
751 3262 996 3348 ἀριθμῷ
1043 3264 1235 3328 πέντε
1284 3263 1489 3340 οὔσας
1537 3269 1747 3331 Berol.
1798 3263 1928 3328 388
1964 3267 2072 3326 111
2106 3263 2144 3326 8
2180 3262 2243 3347 (ἦ-
2269 3287 2320 3326 s.
2346 3260 2626 3344 ILJIII.)
2674 3286 2783 3343 pro
2818 3261 2934 3324 τὸν

585 3366 875 3446 ἀριθμόν.
1069 3366 1400 3446 στεφάνου
1450 3367 1725 3445 σχήματι
1758 3365 1962 3444 οὐρὰν
1993 3366 2065 3430 ἑν
2097 3370 2188 3450 τῷ
2220 3364 2492 3442 στόματι
2526 3363 2694 3442 ἔχων
2726 3368 2933 3446 Lugd.

586 3474 646 3535 V
693 3469 752 3550 8,
804 3469 885 3534 27
939 3469 1002 3553 (†
1037 3494 1087 3534 S.
1123 3467 1424 3552 HLJIV.)
1472 3494 1584 3553 pro
1631 3469 1708 3533 τὸ
1768 3472 2002 3548 σχῆμα.
2201 3466 2484 3546 χρώματι
2543 3465 2935 3543 σποδοειδής

587 3579 672 3637 ib.
710 3573 759 3637 Χ
794 3573 892 3653 14,
925 3573 1014 3636 40
1048 3571 1104 3656 (e
1137 3570 1530 3656 Dioscoride)
1578 3598 1689 3655 pro
1742 3573 1815 3636 τὸ
1866 3574 2089 3652 χρῶμα
2272 3574 2356 3634 cf.
2407 3573 2699 3649 Viereck,
2752 3594 2935 3634 serm.

587 3700 794 3758 graec.
845 3682 941 3739 tit.
991 3680 1092 3738 IX
1140 3675 1223 3739 37
1277 3675 1340 3759 (5
1367 3674 1430 3757 †)
1477 3678 1578 3752 τῆι
1630 3675 1771 3753 ἐμῆι
1823 3677 2068 3754 γνῶμηι
2113 3699 2226 3756 pro
2276 3699 2436 3750 acc.;
2488 3676 2588 3738 XI
2619 3671 2707 3735 43
2754 3670 2963 3748 ὅπως,

589 3778 732 3856 περὶ
778 3777 1012 3841 τούτου
1061 3783 1159 3854 τῆι
1209 3776 1531 3861 δι[αν]οίαι
1579 3778 1894 3855 προσέχηι
1943 3802 2054 3858 pro
2104 3776 2221 3854 τὴν
2268 3774 2559 3838 διάνοιαν
2607 3785 2677 3837 ut
2710 3777 2847 3836 XII
2881 3779 2939 3836 A

589 3879 707 3956 25;
893 3885 1152 3943 Lucian.
1204 3885 1384 3944 Asin.
1435 3880 1566 3944 610
1627 3880 1863 3958 λεπτὸς
1912 3879 2206 3956 γίγνομαι
2255 3882 2346 3961 τῷ
2396 3875 2645 3953 σώματι
2706 3901 2817 3958 pro
2866 3876 2939 3938 τὸ

590 3987 796 4062 σῶμα.
985 3982 1478 4061 ,προσευχομένη
1527 3981 1952 4065 ἀκαταλύπτῳ
2001 3987 2074 4064 τῇ
2124 3983 2371 4063 κεφαλῇ
2421 3991 2633 4061 aperto
2670 3985 2873 4060 capite
2906 3982 2939 4040 1

591 4091 731 4151 Cor.
787 4086 886 4165 11,
936 4085 978 4148 5
1028 4084 1162 4170 (pro
1212 4084 1743 4162 ἀκατακάλυπτος
1790 4085 1907 4162 τὴν
1957 4084 2293 4163 κεφαλήν).

793 4311 814 4348 ¹
853 4317 1046 4382 Neque
1084 4331 1212 4366 vero
1253 4330 1491 4380 unquam
1540 4315 1885 4364 accusativus
1923 4312 2015 4362 ille
2055 4313 2295 4372 evannit,
2348 4328 2468 4361 cum
2510 4312 2673 4361 etiam
2711 4313 2767 4360 in
2802 4325 2945 4361 nova

591 4403 886 4468 graecitate
945 4401 1180 4453 dicatur:
1238 4399 1269 4451 ὁ
1323 4398 1592 4464 Γεώρῐιος
1648 4397 1753 4461 ἦτο
1808 4394 2083 4462 Γερμανὸς
2138 4393 2205 4446 τὸ
2260 4394 2440 4460 γένος,
2480 4391 2784 4458 Προῦσσος
2837 4393 2944 4457 τὴν

596 4481 860 4550 πατρίδας
897 4486 1197 4536 Mullach
1240 4486 1275 4535 1.
1317 4503 1363 4536 c.
1402 4503 1452 4548 p.
1492 4479 1615 4534 329.

792 4565 817 4604 2
853 4571 958 4623 Sed
999 4571 1090 4623 Gr.
1129 4575 1185 4622 et
1221 4571 1291 4621 H.
1331 4567 1417 4636 36,
1462 4567 1530 4620 19
1567 4565 1658 4634 (95
1687 4569 1746 4632 †)
1784 4564 1856 4619 τὰ
1894 4564 1941 4619 δ’
1981 4564 2122 4618 ἄλλα
2160 4561 2491 4632 χαρίζοισθε.
