3400 5225
1564 427 1915 481 ...10-

560 636 700 677 cum
747 613 954 674 studio
1003 615 1345 691 usurpandi
1394 619 1682 674 neutrum
1717 615 2013 675 adiectivi
2062 612 2243 673 modo
2292 615 2640 674 adverbiali
2688 616 2905 689 cohae-

559 737 696 779 rere
745 718 1014 793 videtur,
1067 718 1232 794 quod
1283 718 1582 797 Tryphon
1631 738 1743 797 pro
1793 713 1919 796 ἰδίᾳ
1966 725 2032 777 et
2077 713 2355 797 δημοσίᾳ
2402 719 2624 779 maluit
2666 712 2800 778 ἴδια
2841 724 2907 780 >et

560 816 840 895 δημόσια
889 818 1144 899 (Egger‚
1194 822 1404 900 Apoll.
1453 822 1648 902 Dysc.
1697 844 1758 899 p.
1808 816 2027 896 315)¹.

987 920 1053 999 d)
1103 925 1474 1001 Antiquitus
1520 925 1726 984 locum
1773 925 1960 984 huius
2004 926 2349 985 accusativi
2396 925 2646 985 dativus
2677 927 2906 986 instru-

561 1028 852 1087 mentalis
899 1048 1339 1104 nonnunquam
1387 1033 1578 1103 tenet‚
1631 1034 1700 1087 ut
1747 1021 1898 1087 ὗσαι
1946 1021 2129 1087 ὕδατι
2163 1025 2569 1105 (Delbrueck.
2597 1050 2701 1105 qu.
2738 1037 2904 1107 synt.

562 1130 678 1192 IV.
728 1152 787 1208 p.
838 1126 950 1205 60)
1000 1153 1059 1190 v.
1111 1130 1259 1190 infr.
1310 1132 1436 1191 dat.
1517 1132 1853 1209 Nunquam
1902 1120 2108 1192 autem
2151 1133 2253 1191 hic
2297 1134 2695 1193 accusativus
2733 1154 2906 1211 prae-

559 1235 977 1312 positionibus
1025 1235 1212 1293 cedit.
1306 1226 1466 1293 Nam
1515 1254 1670 1311 quae
1720 1235 2035 1294 interdum
2081 1235 2376 1312 leguntur
2415 1232 2601 1294 voces
2648 1230 2719 1294 ἐν
2764 1230 2905 1294 τού-

559 1352 694 1411 τοις
743 1339 901 1414 sim.‚
954 1336 1419 1414 significatione
1468 1339 1755 1397 diversae
1803 1338 1881 1396 ad
1929 1340 2356 1398 accusativum
2399 1337 2720 1399 relationis
2770 1359 2905 1416 per-

559 1442 782 1516 tinent,
833 1459 1016 1515 quem
1052 1460 1238 1517 saepe
1266 1441 1835 1517 praepositionibus
1861 1433 2125 1500 cessisse
2158 1441 2512 1524 videbimus
2546 1437 2611 1518 (§
2635 1435 2768 1515 40).
2820 1442 2907 1501 Ut

559 1537 630 1602 ἐν
675 1537 930 1615 τούτοις
977 1537 1128 1615 ἡμῖν
1175 1538 1665 1616 συνεργήσαντα
1715 1542 1886 1618 (Vat.
1922 1530 1971 1601 C
2003 1538 2090 1602 30
2123 1539 2281 1618 (160
2313 1538 2401 1619 †)‚
2452 1563 2611 1619 quae
2659 1564 2780 1603 vox
2814 1564 2906 1603 re·

559 1646 654 1704 dit
699 1645 774 1705 ad
825 1643 1025 1704 ταῦτα
1056 1641 1158 1718 ἡμ.
1194 1650 1492 1720 συνεργ.,“
1527 1644 1881 1722 significat:
1939 1644 2075 1719 „his
2107 1648 2172 1703 in
2219 1646 2407 1705 rebus
2454 1666 2568 1705 nos
2607 1646 2904 1705 adiuvan-

559 1746 756 1821 tem“;
808 1754 872 1806 at
919 1767 1076 1824 quae
1125 1748 1393 1807 elocutio
1434 1747 1634 1829 rufi-ru
1673 1744 1780 1821 ἡμ.
1814 1756 2073 1821 συνεργ.
2110 1748 2189 1806 ad
2235 1742 2476 1821 ταύτην
2520 1744 2638 1821 τὴν
2685 1756 2906 1822 συνερ-

558 1846 704 1921 γίαν
751 1845 898 1923 ἡμῖν
947 1860 1203 1924 συνεργ.
1250 1851 1434 1928 redit,
1487 1851 1791 1910 vertenda
1862 1858 2017 1909 estz'
2062 1836 2249 1925 „talia
2298 1870 2413 1910 nos
2461 1847 2898 1912 adiuvantem“

561 1949 646 2028 (v.
697 1972 867 2029 supr.
919 1943 1122 2029 Lugd.
1173 1953 1259 2013 W
1314 1947 1412 2028 15,
1458 1947 1547 2027 2).

739 2049 1067 2127 δουλεύεις
1138 2049 1392 2114 ἅπαντα
1461 2051 1563 2113 καὶ
1633 2050 1725 2127 εἰς
1796 2050 1833 2113 ὃ
1903 2048 1986 2114 ἄν
2054 2050 2323 2133 κελεύσῃ
2374 2055 2533 2113 Brit.
2588 2050 2729 2129 121,
2776 2049 2905 2113 830

561 2156 629 2233 (ἥ-
681 2178 731 2217 s.
786 2153 940 2232 III.)
1124 2158 1264 2217 Non
1335 2165 1432 2217 est
1479 2159 1694 2217 ea'dem
1764 2161 1922 2217 ratio
1993 2178 2217 2222 vocum
2276 2152 2531 2218 ἅπαντα
2578 2166 2641 2217 et
2702 2152 2791 2231 εἰς
2838 2151 2905 2228 ὅ;

559 2253 814 2320 ἅπαντα
860 2262 1024 2320 enim
1071 2261 1236 2319 redit
1277 2260 1355 2319 ad
1404 2254 1668 2320 ἅπασαν
1716 2256 2017 2320 δουλείαν
2050 2255 2451 2336 (δουλεύεις),
2504 2256 2593 2333 εἰς
2628 2255 2665 2319 ὃ
2698 2265 2905 2320 autem

563 2364 766 2424 vicem
813 2364 977 2440 gerit
1024 2365 1367 2423 accusativi
1414 2358 1759 2424 relationis.

863 2466 1071 2524 Etiam
1111 2467 1176 2524 in
1223 2486 1386 2526 nova
1424 2467 1764 2543 graecitate
1809 2486 1932 2525 vox
1979 2461 2160 2539 ἡμεῖς
2208 2459 2425 2538 εἴμεδα
2471 2458 2682 2524 πολλὰ
2721 2459 2904 2539 εὐχα-

564 2563 931 2642 ριστημὲνοῑ
986 2569 1178 2644 „satis
1211 2588 1524 2646 superque
1562 2566 1901 2628 habe1nus“
1950 2566 2178 2628 differt
2216 2566 2293 2626 ab
2334 2567 2681 2628 elocutione
2724 2562 2903 2641 ἡμεῖς

559 2665 776 2746 εἴμεθα
807 2666 966 2730 κατὰ
991 2667 1202 2732 πολλὰ
1227 2666 1757 2746 εὐχαριστημὲνοι
1786 2673 2037 2748 „multis
2061 2670 2251 2731 rebus
2278 2671 2553 2730 contenti
2588 2666 2837 2731 suxnus“
2858 2665 2903 2729 ².

1654 2891 1799 2971 μ.

1110 3069 1114 3074 .
1222 3023 1323 3088 De
1369 3023 1780 3089 accusativo
1831 3020 2239 3087 relationis.

987 3154 1049 3230 a)
1098 3157 1240 3216 Non
1279 3157 1494 3232 dispar
1537 3157 1614 3214 ab
1648 3157 2006 3214 accusativo
2040 3154 2204 3213 modi
2239 3155 2398 3213 ratio
2432 3160 2527 3213 est
2561 3156 2904 3214 accusativi

561 3261 667 3335 qui
716 3259 948 3319 dicitur
989 3254 1380 3318 relationis3:

560 3357 635 3421 τὸ
681 3355 871 3440 γένος
921 3355 1130 3434 Σύρος
1179 3361 1322 3419 Par.
1371 3355 1469 3434 10,
1503 3355 1548 3417 4
1597 3354 1753 3433 (145
1786 3357 1851 3434 ·ῐ·)

559 3459 933 3538 ἐστιγμένος
980 3459 1096 3522 τὸν
1143 3459 1353 3524 δεξιὸν
1399 3457 1647 3536 καρπόν
1695 3463 1837 3520 Par.
1892 3459 1990 3538 10,
2036 3458 2076 3521 8

561 3561 679 3625 οὐκ
727 3560 807 3625 ἄν
855 3582 927 3640 με
975 3560 1109 3639 ἴδες
1159 3559 1420 3640 (ἴδοιςῖ)
1469 3561 1545 3624 τὸ
1593 3560 1955 3639 πρόσωπόν
2004 3579 2125 3639 μου
2173 3559 2278 3640 47,
2313 3561 2356 3623 4
2406 3559 2563 3638 (153
2596 3557 2681 3640 ἢ).

562 3662 1053 3741 ἐρώτησεν·τὸν
1101 3661 1378 3743 Ἑρμίαν,
1449 3662 1505 3726 εἴ
1567 3683 1712 3726 τινα
1759 3660 2087 3728 ἀπόδειξιν
2132 3660 2506 3740 παράκειται
2560 3660 2658 3739 15,
2710 3662 2769 3740 2,
2820 3661 2907 3723 34

561 3766 719 3844 (120
752 3767 818 3845 †)
872 3771 1222 3846 „quaesivit
1265 3789 1342 3828 ex
1386 3771 1662 3846 Hermia,
1710 3791 1858 3830 num
1916 3789 2075 3848 quae
2126 3775 2446 3829 exstarent
2484 3763 2899 3828 testimonia.“

745 3895 973 3902 ——-——-
980 3897 988 3901 .

560 3982 689 4032 Zen.
715 3997 794 4031 vs,
822 3978 906 4033 72.
970 3984 1034 4031 In
1072 3997 1214 4032 nova
1251 3983 1550 4047 graecitate
1577 3982 1847 4032 ordinaria
1885 3987 2012 4030 sunt
2049 3979 2335 4031 adverbia:
2375 3975 2543 4040 σοφὰ,
2583 3975 2904 4040 σοφώτερα,

560 4063 888 4129 σοφώτατα.
963 4068 1228 4117 Neutrum
1278 4067 1420 4115 enim
1460 4067 1813 4130 comparativi
1862 4072 1917 4114 et
1953 4063 2272 4129 superlativi
2310 4062 2698 4112 adiectivorum
2737 4061 2907 4110 instar

559 4152 938 4202 adverbiorum
978 4151 1167 4203 eodem
1206 4153 1476 4216 pertinere
1513 4155 1659 4201 recte
1697 4151 1890 4199 statuit
1922 4150 2241 4214 ‘Kx-uegetas
2280 4148 2310 4207 ξ
2348 4142 2434 4209 46,
2471 4143 2520 4210 5,
2559 4142 2610 4195 8.

761 4231 778 4267 ¹
818 4237 886 4287 cf.
925 4236 1199 4286 Schmid
1238 4237 1502 4286 Atticism.
1542 4236 1598 4284 II
1637 4253 1687 4301 p.
1728 4230 1859 4298 3153

715 4319 724 4327 “
757 4315 782 4354 2
819 4322 1110 4372 Mullach
1152 4321 1387 4373 Gratum.
1427 4321 1476 4370 d.
1517 4319 1717 4386 griech.
1757 4319 2071 4386 Vulgiirspr.
2109 4337 2160 4385 p.
2199 4314 2306 4368 332

758 4399 782 4436 3
819 4407 906 4455 Lo
924 4407 973 4454 b.
1013 4406 1202 4471 parall.
1243 4423 1294 4468 p.
1333 4401 1463 4468 5283
1510 4405 1747 4467 Krueg.
1788 4404 1824 4453 l.
1864 4420 1909 4453 c.
1948 4398 1979 4466 ξ
2016 4399 2102 4467 47,
2144 4397 2228 4464 15,
2268 4399 2329 4466 63
2368 4397 2453 4464 52,
2491 4398 2527 4452 4
2564 4401 2687 4451 adn.
2728 4400 2787 4466 33
2838 4403 2906 4452 ad

561 4492 679 4542 Arr.
719 4490 820 4540 An.
856 4487 908 4549 4,
945 4486 1032 4553 22,
1070 4489 1119 4540 8.
1160 4491 1227 4540 K.
1266 4490 1484 4541 Gerth
1523 4491 1571 4546 1.,
1599 4506 1642 4538 c.
1683 4489 1715 4548 ἓ
1754 4485 1876 4553 410,
1915 4485 1948 4538 6
1987 4494 2043 4541 et
2080 4489 2216 4538 Ann.
2256 4483 2328 4539 20
2365 4489 2588 4540 Herm.
2627 4488 2695 4539 ad
2727 4489 2906 4552 Viget.

557 4571 667 4636 1395
705 4575 798 4650 qui
837 4571 1222 4630 ἀνακόλουθον
1260 4575 1425 4626 ducit.
