3400 5225
1608 398 1664 409 ..-
1750 366 1959 424 :io-

597 546 636 627 ἡ
670 546 867 629 φρίκα
899 550 984 613 ef.
1026 550 1176 613 Imb.
1213 553 1430 633 parall.
1477 550 1592 615 167
1631 576 1724 632 sq.
1876 552 1915 629 ἡ
1950 551 2230 629 Τίρυνθα
2264 556 2495 635 Scylax
2528 556 2757 635 peripl.
2800 554 2877 617 19
2906 555 2947 617 ¹.

599 654 731 715 l'am
793 656 1178 735 temporibus
1227 654 1673 717 Alexandrinis
1732 660 2029 717 oeeurrit:
2097 655 2137 731 ἡ
2193 653 2539 733 ἀρραβῶνα
2598 680 2741 738 pap.
2801 661 2990 719 Pan·

597 752 703 835 58,
745 754 824 817 13
874 755 951 821 (s.
987 754 1170 835 11.†)

599 860 867 921 Aeczedit
911 854 1107 936 ἀέρας
1150 860 1366 935 (nom.)
1402 862 1605 939 Lugd.
1641 862 1730 921 ΙΙ.
1782 884 1840 941 p.
1885 858 2003 923 117
2058 860 2125 939 (†
2150 885 2198 923 s.
2234 861 2390 939 ΙΙΙ.)
2441 864 2526 925 ef.
2576 858 2613 922 ὁ
2647 860 2946 938 πατέρας,

599 958 636 1038 ἡ
686 960 962 1041 μητέρας
993 960 1036 1025 ²·

813 1080 1120 1141 Adnot.:
1171 1080 1677 1161 Praepositiones
1734 1083 1878 1143 inde
1934 1084 2013 1143 ab
2062 1085 2515 1161 antiquissimis
2561 1084 2948 1163 temporibus

599 1182 999 1245 Ptolemaieis
1062 1184 1262 1259 magis
1321 1186 1644 1262 magisque
1704 1206 1843 1245 eum
1902 1178 2260 1246 accusativo
2328 1188 2809 1263 coniunguntur,
2878 1184 2990 1244 ut'

599 1306 672 1347 ex
727 1286 806 1345 iis
864 1306 1023 1363 quae
1082 1287 1330 1363 singula
1390 1288 1454 1347 in
1511 1288 1646 1347 dies
1701 1290 1902 1365 magis
1963 1297 2315 1365 occurrunt,
2384 1290 2761 1366 generaliter
2825 1290 2949 1347 iam

600 1388 970 1449 ‹soneludere
1043 1388 1248 1467 liceat,
1322 1390 1626 1469 plurimae
1693 1392 2189 1471 praepositiones
2256 1392 2589 1468 aliquando
2647 1412 2768 1451 non
2825 1393 2949 1451 nisi

599 1510 738 1553 eum
785 1491 902 1553 hoo
952 1512 1099 1553 ‹aasu
1149 1490 1284 1552 fore
1335 1500 1402 1553 ut
1450 1500 1832 1571 usurpentur
1861 1490 1903 1553 ³.
1999 1492 2171 1565 Quae
2220 1494 2416 1553 multa
2464 1494 2539 1553 de
2589 1496 2947 1554 accusativo

602 1594 872 1655 vidimus
922 1594 974 1653 si
1025 1596 1164 1671 quis
1213 1594 1773 1674 comprehenderit,
1844 1596 2031 1655 facile
2088 1597 2419 1673 intelliget,
2488 1602 2699 1674 partes
2748 1597 2948 1656 dativi

601 1696 861 1759 obsoleti
925 1716 1162 1757 necnon
1227 1698 1496 1775 aliquam
1554 1698 1819 1759 multum
1873 1702 2150 1775 genetivi
2212 1720 2350 1759 eum
2409 1702 2766 1759 accusativo
2815 1710 2946 1757 tum

602 1800 1168 1879 praepositionibus
1203 1802 1563 1877 accessisse,
1601 1808 2037 1884 praeterquam
2072 1802 2234 1878 quod
2270 1802 2574 1879 plurimae
2602 1804 2948 1861 accusativi

605 1902 838 1961 formae
888 1902 1250 1963 nominativi
1305 1902 1510 1962 factae
1559 1912 1724 1965 sunt.

1671 2442 1710 2515 ξ
1768 2438 1867 2502 16.

1223 2594 1588 2663 Exoursus
1638 2594 1723 2663 de
1771 2620 1832 2663 -ν
1880 2598 1953 2663 et
1998 2604 2058 2676 ’-ς
2106 2594 2328 2664 finali.

926 2783 1264 2860 liegentem
1330 2782 1712 2859 aliquantam
1783 2803 2163 2862 papyrorum
2228 2790 2467 2860 partem
2530 2803 2654 2841 non
2720 2780 2943 2858 fugiet,

604 2907 787 2966 quam
836 2905 1022 2966 saepe
1071 2884 1112 2944 ii
1164 2885 1272 2964 qui
1321 2885 1627 2964 scripsere
1675 2886 2025 2945 litterarum
2072 2885 2261 2943 rudes
2309 2891 2372 2942 et
2418 2885 2496 2942 ab
2545 2885 2734 2942 animi
2774 2884 2947 2943 cultu

601 2991 786 3050 nimis
853 2989 1136 3049 destituti
1212 3007 1466 3048 casuum
1537 2989 1831 3066 syntaxin
1901 2987 2294 3048 violaverint.
2406 2986 2693 3046 Concedo
2750 2987 2948 3046 multa

600 3113 831 3170 eoi-uin,
902 3110 1059 3170 quae
1109 3097 1365 3170 peecata
1413 3089 1727 3168 videntur,
1798 3090 1898 3151 vel
1958 3090 2035 3148 ad
2104 3089 2325 3148 calami
2391 3089 2636 3166 lapsum
2701 3089 2802 3148 vel
2869 3090 2947 3147 ad

600 3195 1036 3272 grammaticas
1083 3193 1500 3270 ignorantiam
1547 3191 1648 3254 vel
1682 3193 2031 3268 analogiam
2066 3211 2322 3250 casuum
2356 3190 2579 3250 falsam
2611 3193 2943 3268 pertinere,

601 3315 786 3374 qumn
834 3295 1226 3374 potissimum
1261 3293 1630 3354 Hatzidakis
1679 3313 1943 3370 eumque
1992 3302 2245 3353 secutus
2278 3294 2351 3351 E.
2386 3294 2639 3371 Mayser
2670 3298 2944 3351 tuentur.

602 3397 835 3459 Multos
869 3415 1017 3460 vero
1065 3395 1252 3473 locos,
1304 3398 1407 3472 qui
1461 3417 1600 3456 cum
1647 3397 1980 3458 verborum
2013 3397 2266 3474 syntaxi
2298 3401 2599 3473 pugnant,
2650 3396 2729 3454 ad
2762 3395 2947 3454 aliam

601 3519 730 3560 rom
778 3505 1064 3578 spectare
1123 3517 1366 3558 censeo.
1461 3497 1712 3556 Etenim
1768 3497 1983 3575 lingua
2038 3505 2411 3576 properante
2467 3498 2714 3557 litterae
2764 3517 2947 3573 quae-

602 3604 744 3662 ‹lmn
811 3601 1058 3678 finales,
1119 3601 1423 3678 imprimis
1471 3615 1532 3660 -ν
1579 3607 1642 3660 et
1684 3615 1745 3673 -ς
1802 3601 2091 3677 ambigue
2152 3601 2587 3677 pronuntiatae
2647 3620 2785 3660 esse
2845 3599 2947 3660 vel

603 3725 858 3786 prorsus
927 3703 1216 3764 fininibus
1283 3702 1560 3762 haesisse
1632 3703 1945 3764 videntur.
2062 3702 2285 3779 Itaque
2353 3704 2431 3762 ad
2499 3709 2669 3762 recte
2736 3704 2947 3762 adum-

605 3809 874 3868 brandns
922 3807 1172 3868 ‹liulovti
1225 3805 1500 3884 volgaris
1557 3825 1741 3866 rasus
1802 3808 1867 3865 in
1914 3805 2074 3864 hane
2123 3825 2253 3864 rein
2302 3808 2614 3882 inquirere
2662 3826 2947 3864 neeessa-

603 3913 763 3972 rimu
812 3912 978 3971 ouxi.

801 4169 818 4208 ²
859 4173 924 4226 rs.
969 4172 1270 4224 natust.
1311 4173 1343 4223 l.
1385 4189 1431 4222 r.
1469 4190 1520 4240 p.
1559 4170 1679 4224 ΞΠ.

796 4255 821 4294 ²
859 4260 984 4310 ibid.
1023 4276 1074 4326 p.
1113 4255 1235 4310 379.

798 4339 822 4374 ⁸
857 4345 910 4394 M
935 4361 968 4394 ιι
994 4344 1222 4396 llam-11.
1263 4346 1442 4395 Graiu.
1485 4344 1626 4408 vulg.
1667 4361 1717 4410 p.
1758 4340 1863 4394 3713
1900 4361 2021 4409 sqq.
