3400 5225
1514 428 1830 483 ...8-

503 611 714 691 22,,7;
767 610 828 692 8,
868 610 968 690 14,
1008 610 1077 689 8;
1129 616 1494 693 plerumque
1529 634 1676 674 sane
1712 616 1899 674 etiam
1946 615 2011 675 in
2060 615 2317 692 papyris
2366 634 2505 673 oum
2553 613 2676 673 dat.
2716 634 2854 673 oon-

506 716 836 797 iungitiu·¹.

681 821 777 881 De
823 819 1116 895 πληροῦν
1165 842 1214 879 o.
1266 821 1437 899 dupl.
1486 841 1614 881 aco.
1665 843 1725 881 v.
1776 820 1944 881 infra
1991 819 2031 895 ξ
2080 817 2142 880 6.

931 920 998 999 d)
1047 923 1267 1001 Neque
1315 927 1530 1001 negari
1581 932 1791 1002 potest
1837 927 2179 987 accusativi
2220 928 2359 985 vioe
2392 944 2854 1002 nonnumquam

505 1028 785 1088 dativum
834 1027 1035 1105 fungi,
1087 1033 1176 1105 ut·

681 1125 1244 1205 ἐπεμαρτυρόμεθα
1289 1128 1398 1190 σοὶ
1445 1127 1546 1191 καὶ
1577 1125 1816 1190 Πάσιτι
1849 1131 1921 1190 F.
1951 1133 2022 1190 P.
2061 1132 2130 1190 II
2157 1127 2243 1190 32
2269 1128 2337 1207 (2
2350 1129 2410 1206 a)
2432 1128 2517 1191 22
2547 1130 2621 1208 (s.
2651 1132 2758 1189 III
2784 1128 2852 1207 †)

506 1235 672 1310 quod
734 1233 996 1295 verbum
1053 1233 1208 1292 alias
1265 1254 1316 1291 ο.
1381 1254 1511 1293 aec·
1573 1236 1992 1309 coniungitur,
2054 1241 2124 1293 ub
2170 1234 2239 1292 F.
2269 1234 2339 1291 P.
2372 1234 2442 1292 II
2497 1229 2572 1293 17
2626 1229 2719 1308 (3)
2775 1229 2847 1291 ll

506 1357 713 1414 saepe.
899 1331 1092 1395 οὐθὲν
1149 1331 1300 1410 ἡμῖν
1347 1331 1544 1395 κακὸν
1593 1331 1901 1409 ἐποίησεν
1950 1336 2060 1396 Gr.
2112 1344 2175 1396 et
2220 1337 2299 1396 Η.
2348 1332 2454 1412 36,
2510 1332 2591 1395 12
2640 1332 2753 1412 (95
2786 1332 2853 1411 †)

505 1460 617 1517 pro
666 1436 879 1513 κακῶς
927 1438 1137 1498 ποιεῖν
1184 1454 1346 1498 τινα.

689 1543 856 1601 Loco
903 1543 1060 1601 Brit.
1109 1537 1258 1617 240,
1299 1538 1333 1602 7
1382 1539 1450 1618 (†
1483 1538 1639 1617 346)
1691 1537 1847 1616 ἐμοῦ
1894 1536 2374 1621 ἀ[π]αιτοῡντος
2422 1544 2512 1621 τῷ
2546 1537 2855 1621 χρεώστῳ

508 1641 715 1719 χρέως
764 1640 821 1704 τί
870 1661 996 1718 μοι·
1021 1645 1142 1705 huo
1186 1647 1500 1722 pertinere
1547 1665 1729 1724 neg0‚
1792 1648 2162 1724 praesertim
2212 1666 2353 1704 cum
2400 1647 2462 1703 in
2514 1645 2856 1722 exemplari

507 1748 703 1807 altero
753 1750 1110 1807 inveniatur
1158 1743 1314 1821 ἐμοῦ
1360 1741 1793 1822 ἀπαιτοῦντός
1848 1764 1968 1823 μου
2019 1744 2095 1807 τὸ
2150 1743 2357 1821 χρέως
2393 1743 2449 1806 τί
2486 1763 2607 1821 μου
2644 1743 2851 1822 χρέως

506 1852 587 1909 ib.
633 1846 784 1927 241,
828 1844 889 1909 8.
984 1849 1256 1927 Kenyon
1305 1858 1568 1926 utroque
1636 1851 1771 1909 loco
1840 1851 1931 1929 τῷ
1996 1844 2304 1929 χρεώστῳ
2362 1865 2483 1923 μου
2542 1846 2749 1923 χρέως
2798 1866 2855 1909 τι

506 1955 824 2030 prononit3
875 1946 1309 2028 (ἀπαιτεῖσθαι
1357 1948 1478 2012 τινί
1524 1950 1608 2028 τι)
1658 1955 1770 2013 sed
1826 1956 2037 2012 neseio
2087 1974 2164 2012 an
2213 1956 2419 2030 priore
2469 1954 2604 2013 loco
2654 1953 2902 2027 burro--

503 2050 749 2130 γραφία
796 2056 1025 2115 εηδείιε
1076 2052 1151 2114 τὸ
1199 2049 1404 2128 χρέως
1454 2048 1576 2133 ((τὸ
1624 2051 1889 2130 χρέως»
1936 2050 1994 2114 τί
2044 2071 2171 2129 μοι;
2219 2076 2362 2113 nam
2408 2056 2501 2135 τῷ
2549 2050 2854 2134 χρεώστῳ

506 2158 688 2217 nihili
733 2166 846 2217 est.

1607 2314 1753 2392 §2-

935 2447 1356 2507 Aocusativus
1423 2468 1562 2507 cum
1634 2449 1847 2507 verbis
1916 2448 2106 2507 eundi
2172 2450 2558 2522 coniunctuS‚
2630 2454 2701 2506 ut
2748 2462 2859 2505 πο-

509 2544 810 2624 ρεύεσθαι
858 2544 1102 2626 πεδίον,
1153 2542 1270 2624 ὄρη
1323 2545 1393 2609 Χ.
1446 2551 1566 2609 An.
1603 2546 1663 2627 4,
1712 2547 1774 2627 4,
1827 2547 1894 2626 1;
1946 2546 2006 2628 2,
2053 2546 2114 2623 5,
2157 2547 2265 2626 183
2316 2529 2623 2624 πηδῶντα
2669 2544 2859 2610 πεδιὰ

507 2655 609 2713 So·
660 2653 761 2711 Ai.
814 2648 900 2711 30
920 2649 963 2710 2.
1036 2654 1100 2711 in
1149 2652 1416 2712 dialecto
1468 2657 1775 2714 communi
1827 2654 2061 2731 ubique
2113 2655 2640 2731 praepositionem
2684 2673 2854 2713 assu-

504 2757 635 2815 mit.
732 2754 899 2813 Raro
972 2756 1036 2813 in
1105 2757 1364 2833 papyris
1431 2758 1691 2832 magieis
1763 2757 1986 2816 obvius
2036 2763 2149 2831 est,
2219 2764 2290 2816 ut
2346 2756 2546 2833 Lugd.
2597 2755 2656 2816 V
2703 2751 2763 2831 3,
2815 2751 2855 2814 9

505 2854 573 2934 (†
607 2878 659 2918 s.
693 2852 880 2931 III.):
931 2853 1267 2931 πορευθεὶς
1315 2852 1526 2918 πάντα
1573 2854 1779 2918 τόπον
1829 2856 1929 2918 καὶ
1976 2853 2247 2936 π[ἃσα]ν
2295 2853 2519 2918 οἰκίαν.

807 2961 953 3020 Iure
1004 2981 1152 3038 ergo
1203 2960 1479 3020 Mullaoh
1526 2961 1588 3037 (l.
1622 2983 1673 3021 ο.
1724 2984 1780 3040 p.
1818 2957 1975 3036 331)
2025 2982 2223 3021 novae
2267 2963 2629 3038 graecitatis
2678 2981 2855 3020 aoou-

505 3067 776 3127 sativum
842 3066 1031 3125 eundi
1098 3060 1441 3138 ἑπήγειναν
1488 3062 1675 3137 γιαλὸ
1721 3061 1907 3137 γιαλὸ
1956 3069 1997 3124 i.
2032 3085 2085 3124 e.
2129 3062 2333 3144 ᾔεσαν
2380 3059 2554 3138 παρὰ
2603 3060 2719 3123 τὸν
2768 3059 2857 3122 αἰ-

504 3164 731 3240 γιαλὸν
779 3168 1349 3245 praepositionibus
1399 3171 1709 3227 ommissis
1759 3170 1983 3228 tribuit,
2028 3161 2159 3226 ἀπὸ
2192 3198 2279 3208 -
2312 3161 2425 3239 εἰς.

1598 3396 1749 3476 §a

1067 3508 1179 3589 ‘De
1227 3522 1638 3590 accusativo
1685 3524 1960 3590 obiecti
2008 3525 2307 3591 interni.

933 3669 994 3747 a)
1044 3671 1185 3732 Non
1234 3673 1323 3730 ita
1370 3672 1735 3748 frequentes
1784 3678 1931 3731 sunt
1963 3674 2306 3732 accusativi
2341 3675 2676 3748 nominum,
2722 3673 2856 3748 qui-

504 3777 622 3836 bus
669 3777 848 3835 radix
898 3777 1113 3836 eadem
1162 3775 1382 3850 subsit,
1433 3782 1620 3851 atque
1669 3776 1862 3834 verbo
1912 3772 2169 3834 finit03:

701 3980 723 4016 1
760 3986 824 4034 In
862 3984 1038 4035 indice
1076 3984 1198 4034 Par.
1249 3986 1388 4050 'miro
1435 4000 1614 4034 errore
1671 3984 1926 4035 scribitur
1973 3981 2261 4046 σχολάζειν
2317 3981 2424 4045 τὴν
2464 3980 2698 4047 ἀγοράν,
2755 3980 2860 4044 τὴν

505 4067 793 4131 διάκρισιν.
868 4068 1096 4134 Legitur
1134 4074 1318 4118 autem
1355 4066 1386 4118 ὁ
1427 4066 1745 4131 στρατηγὸς
1786 4106 1797 4119 .
1839 4104 1850 4118 .
1891 4065 2173 4129 σχολάσας
2209 4065 2316 4129 τὴν
2357 4069 2477 4118 τῶν
2518 4063 2704 4118 ὠνίων
2746 4063 2859 4116 διά-

503 4166 682 4218 κρισιν
719 4151 1059 4218 πρακτόρων
1099 4148 1381 4218 ποιήσ[ας]
1424 4154 1548 4203 Par.
1576 4151 1646 4204 69
1673 4154 1714 4204 C
1740 4150 1825 4204 29.
1867 4151 2155 4216 σχολάζειν
2194 4159 2378 4204 autem
2418 4155 2624 4220 ubique
2664 4171 2710 4203 c.
2749 4153 2860 4203 dat.

503 4241 758 4290 occurrit:
813 4237 844 4289 ὁ
886 4234 1201 4301 στρατηγὸς
1249 4273 1262 4288 .
1305 4275 1315 4288 .
1360 4240 1479 4297 τοῖς
1530 4235 1862 4302 διαφέρουσι
1910 4235 2231 4301 ἐσχόλασεν,
2280 4238 2404 4288 Par.
2452 4234 2521 4288 69
2559 4239 2603 4288 Β
2662 4239 2859 4304 passim

509 4323 792 4386 „widmete
831 4323 943 4374 sich
983 4322 1088 4373 den
1128 4317 1638 4388 Amtsgesehaften“
1679 4318 2002 4385 (Wiloken).

700 4402 725 4440 2
760 4409 1002 4474 Krueg.
1040 4409 1078 4458 1.
1118 4424 1162 4458 ο.
1203 4407 1233 4468 ὅ
1271 4403 1358 4472 46,
1397 4405 1448 4469 6,
1486 4403 1546 4471 2;
1586 4407 1835 4473 Pflugk.
1874 4406 1943 4458 ad
1982 4408 2110 4456 Eur.
2151 4408 2274 4456 Hel.
2313 4403 2445 4473 5323
2488 4408 2623 4458 Lob.
2661 4408 2733 4458 ad
2772 4408 2858 4458 Sa.

503 4492 588 4542 Ai.
625 4487 722 4555 303
759 4492 827 4541 K.
865 4492 1097 4542 Gen-th.
1133 4493 1168 4541 1.
1209 4508 1252 4541 c.
1295 4492 1324 4552 ξ
1361 4488 1470 4542 410
1505 4492 1629 4543 adn.
1669 4489 1722 4542 9.

698 4567 724 4607 3
761 4574 827 4624 cf.
867 4574 1014 4624 Lob.
1055 4574 1242 4640 parall.
1284 4593 1332 4642 p.
1374 4571 1504 4642 5013
1544 4577 1782 4642 Krueg.
1824 4576 1858 4625 l.
1899 4591 1943 4626 c.
1985 4576 2015 4637 ἓ
2052 4571 2140 4640 46,
2179 4571 2229 4640 5,
2271 4571 2315 4624 1.
