3400 5225
934 1440 1490 1521 Sententiae
1550 1440 2253 1551 controversae.

644 1700 696 1757 I.
793 1699 1108 1757 Geneseos
1158 1698 1427 1757 biblicae
1457 1699 1641 1757 ’haud
1691 1699 2041 1776 spernenda
2089 1700 2359 1776 vestigia
2414 1700 2478 1757 in
2536 1701 2627 1757 eis
2683 1718 2774 1758 re-

431 1804 776 1881 periuntur,
829 1821 985 1876 quae
1038 1800 1296 1876 Orphici
1345 1802 1422 1859 de
1469 1802 1698 1859 mundo
1749 1808 1956 1860 creato
2013 1802 2345 1860 tradidere.

644 1934 734 1993 II.
830 1935 982 1993 Idea
1031 1934 1220 2010 spatii
1267 1954 1391 1991 non
1439 1941 1536 1993 est
1589 1954 1756 1993 mere
1806 1936 2155 1994 subiectiva
2205 1929 2428 2010 (Kant)
2478 1954 2593 1993 nec
2641 1940 2774 1991 orta

431 2058 506 2095 ex
557 2038 776 2111 signia,
836 2056 992 2111 quae
1051 2035 1242 2094 Lotze
1299 2034 1833 2109 „Lokalzeichen“
1889 2044 2091 2113 vocat,
2150 2037 2262 2095 sed
2318 2044 2417 2095 est
2469 2035 2657 2095 realis
2714 2042 2777 2093 et

431 2140 742 2199 obiectiva
791 2145 853 2196 et
901 2158 977 2197 ex
1026 2140 1162 2214 ipsa
1210 2139 1612 2215 perceptione
1662 2140 2045 2197 extensionis
2094 2160 2420 2216 corporum
2470 2140 2684 2196 oritur.

645 2239 770 2325 ΠΙ.
866 2267 1082 2343 Eurip.
1138 2266 1335 2325 Andr.
1401 2261 1570 2325 1184
1633 2268 1871 2325 conicio
1940 2260 2132 2339 οὗτος
2199 2264 2345 2341 μὲν
2380 2262 2469 2338 ὡς
2526 2237 2773 2339 εΈκέϊωρ

430 2364 664 2441 ῥήματ’
717 2362 816 2441 ἂν,
863 2363 1056 2440 γέρον
1107 2360 1326 2442 (οὗτός
1373 2366 1426 2425 τ’
1479 2363 1558 2426 ἂν
1608 2361 1696 2439 ὡς
1748 2362 1815 2425 ἐκ
1862 2366 2050 2434 τῶνδ’
2101 2363 2256 2440 έτίμ.
2306 2366 2437 2426 κτλ.
2488 2363 2673 2441 cod.).

644 2496 757 2555 IV.
853 2494 1050 2565 Quam
1107 2495 1372 2554 Plautus
1431 2496 1680 2555 dicendi
1742 2494 2074 2554 formulam
2137 2496 2252 2569 „ab
2310 2493 2554 2571 aliquo“
2608 2496 2776 2555 haud

428 2619 565 2658 raro
624 2600 973 2675 usurpavit,
1035 2604 1108 2657 ut
1155 2597 1288 2656 Mil.
1347 2593 1500 2657 159:
1577 2596 1936 2674 „Quemque
1992 2619 2027 2656 a
2074 2598 2271 2658 milite
2320 2598 2437 2658 hoc
2486 2598 2773 2658 videritis

429 2701 741 2758 hominem
789 2700 854 2757 in
901 2701 1132 2758 nostris
1181 2699 1448 2775 tegulis“
1505 2719 1536 2756 e
1583 2719 1807 2775 graeco
1858 2694 1920 2775 (ὁ
1968 2694 2142 2773 παρά
2180 2696 2381 2772 τινος)
2432 2699 2775 2758 transtulit.

642 2825 721 2885 V.
817 2826 1046 2902 Magna
1123 2827 1400 2900 magicae
1477 2827 1630 2884 artis
1706 2827 1953 2884 collatio
2030 2827 2228 2886 fuisse
2296 2827 2589 2886 videntur
2659 2827 2775 2885 Pa-

430 2928 631 3003 nareti
677 2926 824 2984 libri
860 2926 1268 3001 Ptolemaici,-
1299 2929 1405 3002 qui
1455 2928 1883 2986 inscribuntur
1931 2921 2048 2986 <Έν
2096 2925 2196 2986 καὶ
2244 2925 2318 2987 τό
2365 2924 2534 3005 Πᾶν,
2585 2949 2773 3004 quare

433 3026 568 3100 lego
618 3027 771 3104 Pap.
825 3027 1028 3101 Lugd.
1079 3026 1166 3085 W
1214 3023 1320 3103 23,
1374 3026 1398 3084 l
1459 3027 1580 3089 (ed.
1632 3025 1963 3101 Leemans)
2014 3024 2085 3088 ἐν
2142 3030 2218 3108 τῇ
2277 3045 2306 3088 ε
2354 3028 2485 3088 τῶν
2531 3025 2770 3088 Πτολε·

431 3127 691 3204 μαικῶν,
737 3121 855 3187 Ἓν
904 3123 1004 3184 καὶ
1043 3122 1117 3185 τὸ
1152 3122 1301 3186 Πᾶν
1348 3123 1884 3204 ἐπιγραφομένων
1930 3125 2313 3203 Παναρέτου
2366 3126 2581 3209 βίβλῳ.

641 3255 754 3315 VI.
847 3257 1002 3334 Pap.
1051 3256 1255 3315 Berol.
1292 3252 1439 3328 261,
1473 3253 1558 3316 25
1607 3279 1883 3335 propono
1933 3253 2223 3332 ἔγραψας
2256 3253 2473 3334 Ἡρᾶτῑ
2505 3258 2620 3318 τοῦ
2654 3241 2815 3320 νῦνκ

430 3371 488 3413 τι
547 3351 784 3414 δώσειν
845 3351 1044 3434 ἡμῶν,
1101 3352 1182 3416 ἵν’
1235 3353 1289 3417 εἰ
1348 3355 1716 3428 διακονήσει
1772 3355 1921 3433 ἡμῖν
1976 3358 2109 3419 κτλ.
2161 3359 2283 3436 (ed.
2344 3355 2625 3435 ἔγραψες
2674 3358 2773 3422 Ἣ.
2862 3354 2869 3366 ’

427 3472 544 3514 του
594 3471 730 3516 νειν
775 3467 1077 3518 τιτοσσεν
1124 3474 1306 3532 ημων
1351 3454 1457 3518 ἵνα
1506 3459 1840 3534 διακονήσι
1886 3456 2065 3535 ἱμῖν).

643 3559 729 3618 ib.
789 3554 942 3635 322,
999 3555 1082 3617 26
1143 3580 1254 3636 pro
1303 3555 1444 3619 ἀντὶ
1515 3556 1690 3640 [τῶν]
1759 3555 1935 3621 ὄνων
2001 3564 2399 3621 scribendum
2472 3569 2568 3622 est
2632 3557 2772 3622 ἀντὶ

434 3651 837 3735 [σειτα]ρίων.

639 3784 791 3844 VII.
885 3786 1039 3862 Pap.
1090 3787 1270 3846 Brit..
1300 3757 1414 3864 20,v
1459 3784 1536 3846 16
1587 3789 2006 3865 supplendum
2056 3809 2239 3848 censo
2290 3784 2380 3863 ώς
2430 3785 2509 3850 ἂν
2560 3785 2767 3869 <ἴοις>

432 3879 520 3956 εἰς
572 3880 850 3960 Μέμφιν.
1739 3880 1744 3885 ’
