3400 5225
704 1297 1099 1376 Papyrorum
1163 1314 1532 1373 graecarum
1581 1315 1722 1355 cum
1788 1316 2013 1373 magna
2061 1298 2239 1376 copia
2303 1298 2367 1357 in
2415 1298 2709 1379 Aegypto
2756 1319 2848 1361 re-

487 1408 668 1477 perta
715 1402 798 1458 sit
831 1406 894 1459 et
921 1398 1004 1459 'in
1053 1400 1188 1485 dies
1236 1402 1434 1477 magis
1482 1406 1725 1459 crescat
1740 1397 1781 1475 ¹,
1842 1400 1963 1458 iam
2026 1420 2183 1478 opus
2232 1421 2369 1460 esse
2418 1402 2671 1461 videtur
2709 1404 2847 1463 illu-

488 1504 672 1561 strari
706 1503 1025 1580 volgarem
1058 1504 1466 1579 graecitatem
1499 1503 1883 1581 Aegyptiam
1897 1499 1940 1562 9.
1991 1501 2196 1574 Quare
2237 1504 2589 1582 complures
2621 1506 2848 1565 dialec-

488 1613 620 1665 tum
687 1605 858 1665 illam
907 1624 1296 1665 communem
1355 1606 1845 1664 adumbrandam
1894 1614 2313 1685 sumpserunt,
2384 1608 2495 1666 sed
2542 1628 2700 1683 quae
2757 1610 2849 1667 rei

489 1716 586 1766 est
632 1708 995 1787 amplitudO,
1047 1708 1222 1765 labor
1269 1708 1436 1767 haud
1479 1709 1768 1767 celeriter
1814 1708 2117 1785 procedit.
2198 1708 2549 1769 Stanislaus
2596 1711 2847 1787 quidem

489 1810 954 1871 Witkowskius
1002 1812 1066 1868 in
1115 1811 1445 1887 prodromo
1493 1818 1821 1887 grammat.
1874 1832 2098 1891 papyr.
2146 1832 2355 1889 graec.
2404 1815 2629 1873 aetatis
2664 1814 2849 1891 Lagi-

488 1899 708 1972 darum
755 1920 1004 1990 praeter
1054 1912 1364 1972 editiones
1411 1916 1651 1991 priores
1698 1916 2043 1973 recensitas
2098 1914 2263 1973 ultra
2309 1935 2432 1973 non
2480 1934 2848 1993 progressus

488 2023 585 2074 est
631 2036 834 2092 neque
886 2015 1046 2075 hanc
1098 2016 1350 2091 quidem
1397 2036 1530 2075 rem
1577 2018 1864 2092 quamvis
1912 2019 2122 2093 magni
2171 2017 2637 2093 aestimandam,
2706 2039 2846 2078 cum

487 2118 830 2196 archetypa
876 2118 1073 2177 multa
1119 2139 1242 2178 non
1291 2118 1637 2194 adhiberet,
1712 2120 1791 2178 ad
1840 2119 2036 2179 finem
2093 2118 2404 2197 perduxit.
2501 2118 2722 2197 Neque
2770 2122 2845 2187 E.

487 2217 778 2298 Mayser3
825 2228 1074 2299 praeter
1107 2222 1587 2299 orthographiae
1635 2229 1700 2280 et
1744 2222 2052 2281 vocalium
2105 2223 2452 2282 doctrinam
2504 2224 2847 2301 quidquam

486 2326 550 2381 in
598 2324 869 2383 medium
913 2324 1195 2401 protulit.
1275 2325 1508 2401 Magna
1555 2346 1695 2384 cum
1746 2326 2075 2402 diligentia
2124 2328 2460 2403 acvigore
2512 2325 2597 2385 K.
2632 2326 2845 2386 Diete-

453 2427 619 2484 ·rich
669 2424 955 2502 (Archiv.
1006 2427 1163 2504 Byz.
1211 2428 1251 2485 l.
1302 2420 1384 2507 Ι.)
1454 2449 1489 2486 a
1539 2430 1849 2501 communi
1916 2429 2184 2488 dialecto
2252 2449 2431 2487 orsus
2496 2448 2696 2505 usque
2768 2430 2844 2487 ad

382 2522 392 2531 ’
486 2528 568 2587 Χ.
620 2548 680 2607 p.
732 2527 877 2588 Chr.
926 2550 985 2587 n.
1039 2549 1200 2614 saec.
1266 2537 1330 2589 et
1376 2551 1650 2609 papyros
1699 2538 1763 2590 et
1810 2531 2053 2590 litteras
2102 2530 2485 2609 Byzantinas
2542 2533 2845 2612 pervesti-

481 2634 678 2709 gavit,
728 2653 1104 2709 quamquam
1150 2653 1568 2713 praepropere
1617 2655 1685 2694 re
1720 2641 1989 2695 tractata
2028 2636 2258 2694 multos
2305 2638 2370 2694 in
2405 2655 2645 2695 errores
2694 2638 2844 2695 inci-

487 2735 597 2811 dit,
667 2755 807 2794 cum
854 2756 1052 2798 novae
1111 2739 1473 2812 graecitatis
1522 2757 1953 2814 quaecumque
2014 2739 2244 2798 similia
2291 2739 2469 2814 vidit,
2540 2739 2841 2798 audacius

486 2838 662 2897 velut
717 2841 923 2898 omina
967 2838 1300 2917 proferret.
1395 2837 1516 2910 Qui
1578 2861 1739 2916 quae
1787 2841 2161 2900 inchoavere
2210 2861 2331 2918 quo
2382 2841 2648 2900 celerius
2696 2861 2841 2918 sup-

485 2939 792 3016 pleantur,
845 2943 1140 3017 syntaxin
1188 2942 1342 2999 mihi
1389 2945 1691 3018 proposui·
1736 2943 2243 3002 adumbrandam.

699 3041 919 3119 Neque
984 3063 1132 3103 vero
1204 3045 1394 3103 aetati
1468 3044 1851 3121 Lagidarum
1918 3047 2331 3121 acquiescam,
2403 3065 2542 3104 cum
2593 3047 2841 3105 initium
2951 3081 2958 3088 ·

485 3145 730 3223 imperii
763 3145 1029 3205 Romani
1061 3152 1422 3224 procreatae
1456 3147 1709 3206 dialecti
1744 3148 2088 3207 communis
2120 3155 2305 3225 aptus
2338 3150 2641 3207 terminus
2673 3149 2841 3208 haud
2898 3229 2903 3234 ς

483 3247 792 3307 videatur.
872 3248 1069 3308 Immo
1119 3249 1198 3307 ad
1240 3248 1621 3308 Diocletiani
1669 3249 1808 3310 fere
1856 3258 2137 3329 tempora
2184 3251 2334 3310 licet
2378 3269 2842 3327 nonnumquam

480 3350 649 3409 ultra
695 3371 1067 3429 progressus
1115 3352 1250 3426 sim,
1313 3353 1522 3412 studia
1570 3372 1707 3412 mea
1755 3355 2107 3430 prorogavi,
2177 3354 2407 3430 quibus
2454 3354 2839 3431 temporibus

482 3443 769 3530 magnam
834 3459 1082 3513 constat
1127 3462 1192 3514 et
1239 3475 1446 3514 rerum
1493 3463 1558 3514 et
1621 3455 1874 3533 linguae
1923 3459 2468 3516 commutationem
2525 3475 2662 3514 esse
2710 3454 2841 3514 fac-

481 3561 610 3614 tam
624 3551 668 3616 3.
763 3555 896 3614 Nec
954 3577 1228 3634 papyros
1276 3559 1552 3634 magicas
1611 3559 1978 3635 contempsi,
2049 3565 2380 3636 propterea
2430 3558 2595 3635 quod
2642 3557 2841 3616 multa

482 3657 786 3735 praebent
831 3661 1100 3717 sermoni
1147 3659 1390 3736 volgari
1437 3661 1708 3737 propria.

697 3870 717 3908 ¹
753 3878 820 3927 cf.
862 3878 1138 3942 Hartel‚
1198 3879 1385 3932 Ueber
1439 3881 1526 3931 die
1578 3881 1782 3947 griech.
1822 3881 2021 3945 Papyri
2059 3881 2311 3932 Erzherz.
2352 3883 2583 3946 Rainer3
2641 3882 2735 3930 Lu
2751 3896 2840 3928 in·

483 3960 709 4024 broso‚
767 3955 1036 4029 I’Egitto2
1091 3980 1140 4028 p.
1182 3959 1288 4014 243
1327 3981 1472 4030 sqq.;
1531 3967 1790 4028 imprimis
1848 3966 2201 4038 Wilcken,
2256 3965 2585 4016 Griechisch.
2639 3966 2839 4040 Papyri

481 4046 692 4104 (Berlin
736 4043 911 4109 1897).

692 4124 718 4162 2
753 4132 820 4181 cf.
861 4131 926 4183 G.
966 4133 1220 4198 Meyer,
1260 4133 1474 4186 Griech.
1515 4134 1753 4184 Gramm.
1778 4129 1803 4165 3
1837 4152 1887 4199 p.
1928 4131 2013 4184 26.

695 4210 718 4245 3
754 4216 991 4268 Gramm.
1031 4219 1129 4270 der
1184 4219 1503 4284 griechisch.
1556 4221 1761 4284 Papyri
1818 4236 1917 4270 aus
1973 4219 2071 4270 der
2124 4220 2560 4270 Ptolemaei-mit.
2637 4220 2675 4269 1.
2716 4218 2836 4268 Teil

481 4299 690 4366 (Leipz.
733 4298 912 4366 1898).

689 4380 715 4416 ⁴
753 4387 820 4438 cf.
878 4386 1316 4453 Karabacek,
1374 4389 1584 4442 Fiihrer
1655 4391 1826 4440 durch
1900 4391 1950 4442 d.
2013 4389 2371 4454 Ausstellung·
2439 4390 2611 4455 Papp.
2674 4390 2834 4441 Erzh.

477 4470 697 4533 Rainer‚
740 4487 791 4536 p.
830 4468 915 4522 65.

1457 4804 1900 4906 254834
