3400 5225
1461 363 1528 375 ....
1602 296 2013 391 352..,2‘·‚3..3
2044 301 2094 379 't‘
2131 307 2319 379 ‘-.·‘:··'
2352 294 2498 355 ²²⁶²
2534 293 2564 343 .·

453 499 849 581 Ὀλύτευ<ς>.
944 507 1163 585 Neque
1231 528 1379 569 vero
1446 511 1796 588 analogiam
1861 513 2035 571 vocis
2100 510 2293 572 τοῦτο
2350 512 2452 573 vel
2510 504 2557 573 ὁ·
2606 512 2795 573 inter-

453 612 716 671 cessisse
783 611 1133 688 putaverim
1197 612 1331 671 loco
1393 604 1656 686 οὗτο<ς>
1715 610 1829 673 τὸν
1891 612 2095 687 δᾶμον
2154 608 2283 690 ἔφα
2330 610 2619 690 πονηρόν
2682 614 2791 691 (ib.

453 736 512 791 p.
547 709 726 789 218).
821 714 1084 792 Saepius
1127 716 1192 773 in
1227 716 1542 792 amphoris
1576 716 1817 775 Cnidiis
1850 719 2079 777 omissa
2110 733 2170 790 -ς
2205 716 2386 777 finali
2432 718 2795 795 genetivum

454 832 554 877 -ευ
621 818 892 876 inveniri
956 798 1144 876 testis*
1203 824 1300 876 est
1365 817 1439 877 G.
1509 818 1747 897 Meyer,
1822 818 1931 878 Gr.
1982 819 2190 879 Gram.
2240 814 2281 877 3
2354 819 2393 896 ἓ
2442 814 2604 894 305;
2678 815 2789 895 (cf.

407 912 786 979 ‘Dumont
839 919 1174 996 „Inscript.
1225 917 1702 996 ceramiques“).

663 1022 966 1101 Idemque
993 1030 1210 1083 auctor
1235 1031 1332 1083 est
1355 1026 1698 1083 sescenties
1732 1026 1797 1083 in
1830 1026 2343 1103 inscriptionibus
2370 1028 2433 1083 in
2460 1024 2794 1104 Asclepieo

451 1128 726 1185 inventis
781 1147 816 1185 a
871 1128 1252 1184 nominativo
1311 1126 1412 1185 vel
1468 1128 1761 1203 genetivo
1818 1129 2136 1187 nominum
2184 1144 2242 1200 -ς
2300 1129 2539 1187 abesse.
2634 1127 2795 1199 Quo-

451 1230 632 1288 modo
686 1229 1146 1306 intellegendus
1208 1230 1292 1287 sit
1344 1230 1767 1289 ‘nominativus
1816 1230 2215 1289 Boeotiorum
2264 1225 2793 1307 ὑποκοριστικῶν,

451 1340 524 1392 ut
572 1319 908 1393 Βουκάττει
955 1326 1280 1407 Ὀνασίμω
1330 1333 1485 1393 Coll.
1534 1328 1684 1409 486,
1723 1328 1807 1395 ’ΖΟ
1855 1333 2060 1408 simil„
2120 1334 2321 1394 adhuc
2370 1340 2468 1393 est
2513 1333 2791 1395 dubium.

452 1433 598 1493 Alia
654 1435 840 1497 huius
896 1437 986 1494 rei
1043 1436 1329 1512 exempla
1388 1456 1447 1495 V.
1498 1435 1573 1493 Gr.
1626 1435 1953 1513 Meyerum
2014 1436 2051 1509 ἓ
2100 1430 2251 1497 305.
2345 1436 2568 1511 Itaque
2626 1436 2795 1499 haud

450 1539 870 1615 spernendum
917 1540 1186 1615 videtur,
1255 1539 1416 1615 quod
1469 1538 1731 1601 Meister
1784 1536 1919 1615 (Gr.
1970 1538 2117 1601 dial.
2167 1539 2200 1597 Ι
2254 1534 2380 1599 160
2426 1537 2545 1617 sq.)
2614 1540 2796 1601 doeet

449 1640 526 1702 de
575 1644 804 1701 omissa
852 1658 913 1715 -ς
962 1641 1168 1704 finali.

663 1742 842 1816 Quod
889 1744 1262 1805 Hatzidakis
1321 1752 1536 1805 contra
1595 1747 1769 1822 dieit,
1837 1763 1897 1819 -ς
1946 1745 2203 1805 finalem
2258 1747 2443 1807 hodie
2500 1748 2793 1808 distinete

450 1849 912 1925 pronuntiatam
939 1868 1310 1907 evanescere
1339 1850 1711 1925 oportuisse,
1744 1850 1798 1909 si
1832 1849 2083 1925 quidem
2116 1850 2261 1909 olim
2294 1870 2491 1926 paene
2524 1849 2793 1927 elinguis

449 1948 644 2011 fuerit
676 1952 956 2027 spiritus„
1005 1972 1130 2010 non
1177 1956 1273 2009 est
1320 1952 1486 2027 quod
1535 1953 1845 2011 contrario
1894 1952 2039 2011 huic
2087 1954 2179 2010 rei
2227 1952 2433 2012 studio
2480 1958 2794 2030 permotos

447 2058 555 2111 aut
595 2058 1071 2113 evanescentem
1102 2062 1163 2125 -ς
1198 2072 1484 2113 serva-sse
1533 2060 1644 2111 aut
1688 2054 2010 2113 absentem
2058 2056 2424 2131 apposuisse
2472 2074 2791 2133 negemus,

447 2154 536 2215 Ut
579 2171 740 2231 quae
786 2176 954 2215 nune
991 2157 1325 2233 participia
1357 2156 1828 2217 indeclinabilia
1860 2158 1925 2216 in
1958 2172 2178 2230 -οντας
2213 2152 2507 2238 (·ῶντας)
2541 2164 2789 2235 exeunt,

447 2256 594 2317 olim
641 2258 706 2315 in
753 2272 936 2317 -Οντα
985 2256 1236 2332 (·ῶντα)
1283 2257 1576 2317 finivisse
1623 2264 1885 2322 constat.
1982 2259 2256 2333 (Hatzid.
2309 2282 2365 2336 p.
2410 2255 2619 2333 143.)-

659 2358 800 2417 Non
862 2378 1068 2423 meum
1124 2367 1220 2421 est
1276 2362 1677 2437 perscrutari,
1748 2367 2047 2437 quantum
2104 2368 2307 2421 aetate
2365 2365 2709 2440 posteriore
2756 2380 2789 2437 ς

447 2460 662 2521 finalis
710 2464 938 2521 omissa
985 2464 1064 2521 ad
1111 2463 1410 2523 mutanda
1456 2464 1707 2523 nomina
1753 2464 2058 2525 attulerit.
2150 2465 2486 2525 Nominum
2539 2468 2789 2543 quidem

399 2578 403 2583 ·
446 2563 501 2623 Ι.
537 2572 600 2624 et
632 2564 723 2624 II.
749 2565 1186 2626 declinationis
1218 2566 1385 2626 haud
1419 2566 1608 2626 dubie
1643 2574 1813 2628 recte
1847 2570 1936 2628 ait
1960 2568 2333 2629 Hatzidakis
2366 2566 2433 2645 (l.
2461 2590 2513 2630 c.
2550 2592 2607 2648 p.
2632 2565 2788 2645 232)

441 2688 586 2726 non·
613 2684 672 2741 -ς
720 2671 1087 2731 nominativi
1141 2670 1250 2728 sed
1300 2686 1362 2728 -ν
1418 2673 1759 2730 accusativi
1805 2673 2241 2732 intercidisse:
2311 2668 2349 2732 ὁ
2398 2668 2589 2747 λύκος
2628 2695 2641 2731 :
2674 2670 2790 2734 τὸν

444 2764 642 2829 λύκον
678 2791 692 2828 :
727 2765 763 2830 ὁ
813 2766 998 2842 λύκο;
1044 2768 1159 2831 τὸν
1206 2766 1454 2844 ψεύταν
1489 2792 1504 2830 :
1536 2767 1576 2832 ὁ
1624 2768 1852 2846 ψεύτα.
1945 2775 2213 2835 Nomina
2262 2785 2468 2835 autem
2515 2774 2554 2850 ἡ
2587 2773 2787 2854 Σάμο,

444 2867 484 2944 ἡ
534 2867 772 2948 Κύπρο,
819 2869 861 2944 ἡ
909 2869 1094 2946 ἄμμο,
1141 2877 1294 2934 item
1333 2871 1374 2949 ἡ
1422 2872 1630 2953 νεότη,
1681 2873 1871 2951 θεότη
1922 2879 2106 2937 simil.
2139 2895 2197 2952 -ς
2246 2880 2531 2938 amisisse
2559 2881 2788 2956 'potius

450 2973 838 3050 crediderim,
891 2995 1074 3050 quam
1120 2977 1466 3054 analogiam
1514 2987 1728 3039 secuta
1760 2980 2037 3040 aliorum·
2055 2983 2395 3041 nominum.
2488 2982 2789 3042 Similiter

445 3075 772 3137 Dieterieh
819 3075 890 3154 (l.
914 3099 975 3160 c.
1024 3101 1082 3156 p.
1123 3075 1276 3155 161)
1323 3083 1402 3140 de
1434 3084 1791 3144 nominibus
1824 3086 2075 3161 cogitat,
2126 3104 2286 3160 quae
2317 3087 2382 3144 in
2415 3101 2502 3157 -ις
2536 3093 2783 3161 exeunt,

443 3185 512 3238 ut
577 3173 614 3251 ἡ
676 3173 880 3257 δύσις,
951 3181 1063 3255 τῆς
1129 3178 1334 3257 oneng
1407 3183 1774 3260 (Trinchera
1832 3183 1875 3246 6
1940 3209 1995 3247 a.
2052 3176 2231 3263 981).
2325 3189 2575 3248 Etenim
2646 3209 2787 3249 cum

439 3282 862 3342 nominativus
888 3292 952 3342 et
973 3289 1306 3361 genetivus
1333 3289 1496 3347 idem
1531 3293 1832 3366 sanarint,
1867 3292 2318 3351 nominativum
2351 3293 2439 3351 ait
2471 3308 2505 3365 ς
2539 3293 2785 3352 abicere

439 3385 808 3462 oportuisse,
877 3393 948 3446 ut
993 3408 1193 3447 novae
1252 3389 1490 3450 formae
1547 3392 1797 3470 fierent,
1868 3402 1937 3452 ut
1980 3389 2020 3466 ἡ
2070 3388 2341 3467 διαλύσῃ
2411 3392 2535 3469 (Gl.
2588 3393 2782 3452 Laod.

443 3481 588 3561 117,
623 3482 710 3561 2).
807 3488 1032 3548 Utrum
1084 3491 1148 3548 in
1200 3487 1274 3550 τὸ
1322 3486 1508 3565 δάσο,
1555 3490 1629 3553 τό
1681 3491 1885 3569 βρὲφο
1934 3498 2071 3554 sim.
2120 3511 2178 3568 -ς
2228 3496 2635 3571 interciderit,
2704 3515 2783 3554 an

439 3589 706 3664 primum
749 3575 823 3649 τὸ
859 3585 1085 3670 δάσον,
1135 3589 1209 3652 τὸ
1246 3589 1490 3668 βρέφον
1539 3596 1807 3658 formata
1854 3599 1997 3674 sint,
2049 3619 2084 3656 a
2133 3599 2359 3674 quibus
2408 3599 2783 3658 accusativis

437 3685 511 3749 τὸ
569 3685 760 3770 δάσο,
826 3689 901 3752 τὸ
963 3691 1170 3770 βρὲφο
1235 3695 1469 3756 fierent
1527 3705 1780 3759 auctore
1840 3700 2189 3761 Hatzidake
2258 3697 2343 3778 (p.
2394 3694 2571 3781 233),
2640 3701 2783 3762 aliis

437 3792 908 3854 diiudieandum
957 3819 1253 3875 proponO.

649 3960 670 3997 1
708 3967 850 4016 Bull.
891 3984 1022 4018 corr.
1062 3969 1188 4019 hell.
1228 3972 1296 4020 11.

647 4044 672 4080 2
707 4051 1147 4104 Kretschmer
1186 4054 1626 4122 vas.inscr.185;
1666 4058 2080 4124 ephem.Kuhn.
2105 4061 2289 4112 XXXI
2308 4056 2413 4112 459
2434 4061 2497 4112 A.
2537 4059 2779 4112 XXXIII
2822 4089 2832 4096 -

433 4127 540 4182 268
578 4150 694 4200 sqq.
769 4135 833 4186 G.
875 4137 1122 4201 Meyer,
1163 4139 1254 4188 Gr.
1296 4135 1506 4191 Gram.³
1541 4138 1646 4194 305
1685 4160 1765 4209 sq.

649 4213 672 4249 ³
709 4221 774 4270 cf.
817 4221 1087 4272 Hatzid.
1126 4225 1159 4274 1.
1201 4241 1246 4274 c.
1286 4242 1336 4291 p.
1377 4221 1462 4276 25.

645 4297 668 4334 4
706 4305 952 4371 Analoga
991 4313 1073 4356 est
1112 4309 1333 4372 linguae
1373 4311 1576 4362 latinae
1603 4325 1652 4372 -ς
1689 4312 1881 4376 finaliS,
1922 4330 2083 4378 quam
2112 4316 2202 4364 vix
2228 4317 2630 4380 pronuntiatam
2658 4331 2776 4366 esse

433 4392 602 4436 testes
657 4395 786 4438 sunt
839 4388 1088 4452 Plautus,
1145 4393 1352 4443 Ennius
1391 4395 1467 4455 (v.
1507 4396 1793 4447 Teuffel.
1852 4398 2344 4466 Litteruturgesch.
2398 4417 2449 4465 p.
2500 4397 2625 4464 140)
2682 4401 2808 4450 im·-

431 4471 614 4535 primis
650 4473 1024 4538 inscriptiones
1059 4481 1289 4527 veteres.
1365 4479 1529 4528 Hand
1566 4495 1725 4530 secus
1764 4481 1984 4532 dialecti
2042 4499 2185 4548 quae
2240 4485 2437 4536 dicitur
2475 4487 2775 4537 Zaconieae

431 4555 764 4620 antiquitate
833 4557 1058 4610 illustris
1121 4563 1468 4613 accusativus
1531 4562 1669 4629 plur.
1733 4564 1836 4614 τοὺ
1900 4565 2059 4617 ξένου
2125 4570 2239 4620 sim.
2304 4562 2464 4623 hodie
2527 4576 2776 4624 servatur

434 4633 721 4698 (Hatzid.
759 4641 795 4692 1.
835 4657 879 4700 c.
919 4659 970 4710 p.
1009 4637 1118 4710 23).
